@misc{lumenorbit,
  author       = {{Lumen Orbit}},
  title        = {Lumen Orbit: Data Centers in Space},
  year         = {2024},
  url          = {https://www.lumenorbit.com/},
  note         = {Último acceso: 15 de noviembre de 2024}
}
@misc{hoyt2014trusselator,
  author       = {Robert P. Hoyt and Jesse I. Cushing and Gregory J. Jimmerson and Jory St. Luise and Jeffrey T. Slostad},
  title        = {TRUSSELATOR: On-Orbit Fabrication of High-Performance Composite Truss Structures},
  year         = {2014},
  url          = {https://www.dropbox.com/scl/fi/h4y89q008n6gcynplevt1/hoyt2014.pdf?rlkey=d7ik3hu9uhr04pcg8x6xqaznp&dl=1},
  note         = {Último acceso: 15 de noviembre de 2024}
}
@misc{wolff2024analisis,
  author       = {Lukas Wolff. Felipe Vicencio. Bernardo Caprile. Pedro Valenzuela},
  title        = {Análisis Reticulado Espacial},
  year         = {2024},
  url          = {https://github.com/LukasWolff2002/Analisis-Reticulado-Espacial},
  note         = {Repositorio en GitHub de codigos y creación del informe de esta entrega. Último acceso: 15 de noviembre de 2024.}
}

